\usepackage[hyphens]{url}

% Used for drought background - Cassidy
@ARTICLE{Folger:2017jd,
	author = {Folger, Peter},
	title = {Drought in the United States: Causes and Current Understanding},
	journal = {Congressional Research Service},
	year = {2017},
	volume = {},
	pages = {},
	number = {},
	month = {November},
	publisher = {Congressional Research Service}
}
\url{https://fas.org/sgp/crs/misc/R43407.pdf}
%In-text citation: \cite{Folger:2017jd}

% Used for industries/water usage background - Cassidy
@online{Kearney:2014,
  author = {Kearney, Melissa S. and Harris, Benjamin H. and Hershbein, Brad and Jacome, Elisa and Nantz, Gregory},
  title = {In Times of Drought: Nine Economic Facts about Water in the United States},
  year = 2014,
  url = {http://www.hamiltonproject.org/papers/in_times_of_drought_nine_economic_facts_about_water_in_the_us},
  urldate = {2019-03-03}
}
%In-text citation: \cite{Kearney:2014}

% Used for drought background - Cassidy
@online{NOAA:2019,
  author = {National Centers for Environmental Information},
  title = {Drought: Monitoring Economic, Environmental, and Social Impacts},
  year = 2019,
  url = {https://www.ncdc.noaa.gov/news/drought-monitoring-economic-environmental-and-social-impacts},
  urldate = {2019-04-26}
}
%In-text citation: \cite{NOAA:2019}

% Used for drought background - Cassidy
@online{NCSU:2019,
  author = {North Carolina Climate Office},
  title = {Effects of Drought},
  year = 2019,
  url = {https://climate.ncsu.edu/edu/DroughtEffects},
  urldate = {2019-04-26}
}
%In-text citation: \cite{NCSU:2019}

% Source for County Adjacency File data set - Cassidy
@online{USCB:2018,
  author = {United States Census Bureau},
  title = {County Adjacency File},
  year = 2018,
  url = {https://www.census.gov/geographies/reference-files/2010/geo/county-adjacency.html?fbclid=IwAR2wvz41OcnUrWb4euxtQiHWVhNuGUn5_jrxvZHLrsqK0sAZDToyPbTayNo},
  urldate = {2019-03-29}
}
%In-text citation: \cite{USCB:2018}

% Source for Python Plotly - Cassidy
@online{plotly:2019,
  author = {Plotly},
  title = {USA County Choropleth Maps in Python},
  year = 2019,
  url = {https://plot.ly/python/county-choropleth/},
  urldate = {2019-03-29}
}
%In-text citation: \cite{plotly:2019}

% Source for Dynamic Time Warping - Cassidy
@ARTICLE{Diersen:2002,
	author = {Berndt, Donald J., and Clifford, James},
	title = {Using Dynamic Time Warping to Find Patterns in Time Series},
	journal = {AAAI},
	year = {1994},
	volume = {},
	pages = {359-370},
	number = {},
	month = {April},
	publisher = {AAAI}
}
\url{https://www.aaai.org/Papers/Workshops/1994/WS-94-03/WS94-03-031.pdf}
%In-text citation: \cite{Diersen:2002}

% Source for Water Supply Companies in CA - Cassidy
@online{Companies:2019,
  author = {California Water Association},
  title = {Regulated Water Utilities in California},
  year = 2019,
  url = {http://www.calwaterassn.com/about-cwa/regulated-water-utilities-in-california/?fbclid=IwAR3drFGgudJxzVnam6o6OJf7D8vdSPvB3R9K-DnPRus1vefbQ7GFFK99XHc},
  urldate = {2019-04-6}
}
%In-text citation: \cite{Companies:2019}